<?xml version="1.0" encoding="UTF-8"?><collection xmlns="http://www.loc.gov/MARC21/slim"><record><leader>00336nam--2200133-i-4500</leader><controlfield tag="001">000025511</controlfield><controlfield tag="002">20161230</controlfield><controlfield tag="005">20161230201036</controlfield><controlfield tag="008">060222s1000------------r-----000-0-eng-d</controlfield><datafield ind1=" " ind2=" " tag="080"><subfield code="a">621.38.004.6</subfield></datafield><datafield ind1=" " ind2=" " tag="100"><subfield code="a">Jowett, C.E</subfield></datafield><datafield ind1=" " ind2=" " tag="245"><subfield code="a">Reliability of electronic components</subfield></datafield><datafield ind1=" " ind2=" " tag="260"><subfield code="a">Lo9ndon, Iliffe Books Ltd., 1966, 165p</subfield></datafield><datafield ind1=" " ind2=" " tag="852"><subfield code="a">24721</subfield></datafield></record></collection>